@misc{chen2019neural,
      title={Neural Ordinary Differential Equations}, 
      author={Ricky T. Q. Chen and Yulia Rubanova and Jesse Bettencourt and David Duvenaud},
      year={2019},
      eprint={1806.07366},
      archivePrefix={arXiv},
      primaryClass={cs.LG}
}

@misc{cranmer2020lagrangian,
      title={Lagrangian Neural Networks}, 
      author={Miles Cranmer and Sam Greydanus and Stephan Hoyer and Peter Battaglia and David Spergel and Shirley Ho},
      year={2020},
      eprint={2003.04630},
      archivePrefix={arXiv},
      primaryClass={cs.LG}
}

@misc{jax2018github,
      title={{JAX}: composable transformations of {P}ython+{N}um{P}y programs},
      author={James Bradbury and Roy Frostig and Peter Hawkins and Matthew James Johnson and Chris Leary and Dougal Maclaurin and George Necula and Adam Paszke and Jake Vander{P}las and Skye Wanderman-{M}ilne and Qiao Zhang},
      url={http://github.com/google/jax},
      version={0.3.13},
      year={2018},
}

@article{doi:10.1137/S1064827501380630,
      author = {Cao, Yang and Li, Shengtai and Petzold, Linda and Serban, Radu},
      title = {Adjoint Sensitivity Analysis for Differential-Algebraic Equations: The Adjoint DAE System and Its Numerical Solution},
      journal = {SIAM Journal on Scientific Computing},
      volume = {24},
      number = {3},
      pages = {1076-1089},
      year = {2003},
}

@inproceedings{NEURIPS2021_adf8d7f8,
      author = {Matsubara, Takashi and Miyatake, Yuto and Yaguchi, Takaharu},
      booktitle = {Advances in Neural Information Processing Systems},
      editor = {M. Ranzato and A. Beygelzimer and Y. Dauphin and P.S. Liang and J. Wortman Vaughan},
      pages = {20772--20784},
      publisher = {Curran Associates, Inc.},
      title = {Symplectic Adjoint Method for Exact Gradient of Neural ODE with Minimal Memory},
      volume = {34},
      year = {2021}
}

@misc{cai2022vectorized,
      title={Vectorized Adjoint Sensitivity Method for Graph Convolutional Neural Ordinary Differential Equations}, 
      author={Jack Cai},
      year={2022},
      eprint={2209.06886},
      archivePrefix={arXiv},
      primaryClass={cs.LG}
}

@misc{article,
      author = {Johnson, Steven},
      year = {2007},
      pages = {},
      title = {Notes on Adjoint Methods for 18.336}
}

@misc{zhang2020approximation,
      title={Approximation Capabilities of Neural ODEs and Invertible Residual Networks}, 
      author={Han Zhang and Xi Gao and Jacob Unterman and Tom Arodz},
      year={2020},
      eprint={1907.12998},
      archivePrefix={arXiv},
      primaryClass={cs.LG}
}

@misc{lin2018resnet,
      title={ResNet with one-neuron hidden layers is a Universal Approximator}, 
      author={Hongzhou Lin and Stefanie Jegelka},
      year={2018},
      eprint={1806.10909},
      archivePrefix={arXiv},
      primaryClass={cs.LG}
}

@misc{lutter2019deep,
      title={Deep Lagrangian Networks: Using Physics as Model Prior for Deep Learning}, 
      author={Michael Lutter and Christian Ritter and Jan Peters},
      year={2019},
      eprint={1907.04490},
      archivePrefix={arXiv},
      primaryClass={cs.LG}
}